@online{openwall2024backdoor,
    url={https://www.openwall.com/lists/oss-security/2024/03/29/4},
    urldate={2024-07-03},
    year={2024},
    author={Andres Freund},
}
@online{stallmann2021copyleft,
    url={https://www.gnu.org/philosophy/pragmatic.html},
    year={2021},
    urldate={2024-06-04},
    author={Richard Matthew Stallman (RMS)}
}

@online{fsf2024whycopylef,
    url={https://www.gnu.org/philosophy/free-sw.html},
    year={2024},
    urldate={2024-06-04},
    author={Free Software Foundation}
}

@online{osorg2024mit,
    url={https://opensource.org/license/MIT},
    year={2024},
    urldate={2024-06-04},
    author={Opensource.org}
}

@online{osorg2024gpl,
    url={https://opensource.org/license/gpl},
    year={2024},
    urldate={2024-06-04},
    author={Opensource.org}
}

@online{ccc2024backdoor,
    url={https://media.ccc.de/v/gpn22-304-common-code-different-backdoors},
    publisher={Chaos Computer Club (CCC)},
    urldate={2024-06-05},
    year={2024},
    title={Common Code <> Different Backdoors},
    author={cy}
}

@online{ccc2024supplychainsec,
    url={https://media.ccc.de/v/gpn22-438-supply-chain-security-with-go},
    publisher={Chaos Computer Club (CCC)},
    urldate={2024-06-07},
    year={2024},
    title={Supply Chain Security with Go},
    author={Michael Stapelberg}
}

@online{libcurl2024overview,
    url={https://curl.se/libcurl/},
    urldate={2024-06-09},
    title={libcurl - the multiprotocol file transfer library},
    year={2024},
    author={Daniel Stenberg},
}

@online{libcurl2024usage,
    url={https://curl.se/docs/companies.html},
    urldate={2024-06-09},
    author={Daniel Stenberg},
    year={2024},
    title={Companies Using curl in Commercial Environments}
}

@online{raylib2024landing,
    url={https://www.raylib.com/},
    urldate={2024-06-09},
    year={2024},
    author={raysan5},
    title={raylib is a simple and easy-to-use library to enjoy videogames programming.}
}

@online{sqlite2024landing,
    url={https://www.sqlite.org/index.html},
    urldate={2024-06-09},
    year={2024},
    title={What Is SQLite?},
    author={D. Richard Hipp},
}

@online{xkcdUnknownDependency,
    url={https://xkcd.com/2347/},
    urldate={2024-06-09},
    title={Dependency},
    author={xkcd},
}

@online{linuxUnknownDevicedrivers,
    url={https://linux-kernel-labs.github.io/refs/heads/master/lectures/intro.html#device-drivers},
    urldate={2024-06-10},
    year={2021},
    title={Linux - Introduction - Device drivers},
    author={The kernel development community}
}

@online{sqlite2022mostdeployed,
    url={https://www.sqlite.org/mostdeployed.html},
    urldate={2024-06-20},
    year={2022},
    title={Most Widely Deployed and Used Database Engine},
    author={Dwayne Richard Hipp, Dan Kennedy, Joe Mistachkin}
}

@online{sqlite2022testing,
    url={https://www.sqlite.org/testing.html},
    year={2022},
    urldate={2024-06-20},
    title={How SQLite Is Tested},
    author={Dwayne Richard Hipp, Dan Kennedy, Joe Mistachkin}
}

@online{google2024fuzzing,
    url={https://google.github.io/oss-fuzz/},
    year={2024},
    urldate={2024-06-20},
    title={OSS-Fuzz},
    author={Google Open Source}
}

@online{googleUnknownMemorySafety,
    url={https://www.chromium.org/Home/chromium-security/memory-safety/},
    urldate={2024-06-10},
    title={Memory safety},
    author={The Chromium Project}
}

@online{tukaani2024xz,
    url={https://tukaani.org/xz/#_introduction},
    urldate={2024-06-21},
    year={2024},
    title={XZ Utils},
    author={Lasse Collin},
}

@online{wysopal2007static,
  title={Static Detection of Application Backdoors},
  url={https://www.veracode.com/sites/default/files/Resources/Whitepapers/static-detection-of-backdoors-1.0.pdf},
  urldate={2024-06-24},
  author={Wysopal, Chris and Eng, Chris},
  year={2007},
}

@online{redhat2024cve,
    url={https://access.redhat.com/security/cve/CVE-2024-3094},
    urldate={2024-06-24},
    title={CVE-2024-3094},
    year={2024},
    author={Red Hat},
}
@online{arstechnica2024xzutils,
    url={https://arstechnica.com/security/2024/04/what-we-know-about-the-xz-utils-backdoor-that-almost-infected-the-world/},
    urldate={2024-06-27},
    title={What we know about the xz Utils backdoor that almost infected the world},
    year={2024},
    author={Dan Goodin},
}
@online{gnu2021m4,
    url={https://www.gnu.org/software/m4/},
    urldate={2024-06-30},
    year={2021},
    title={GNU M4},
    author={Gary V. Vaughan, Eric Blake},
}

@online{gnu2020autoconf,
    url={https://www.gnu.org/software/autoconf/autoconf.html},
    urldate={2024-06-30},
    year={2020},
    title={Autoconf},
    author={Paul Eggert, Eric Blake},
}
@online{gnu2012gcc,
    url={https://gcc.gnu.org/onlinedocs/gcc-4.7.2/gcc/Function-Attributes.html},
    urldate={2024-07-01},
    year={2012},
    title={6.30 Declaring Attributes of Functions},
    author={GCC Team},
}

@online{openssl2022rsacrpt,
    url={https://github.com/openssl/openssl/blob/master/crypto/rsa/rsa_crpt.c#L51},
    urldate={2024-07-01},
    year={2022},
    title={rscrpt.c},
    author={OpenSSL Project Authors},
}

@online{gnu2023system,
    url={https://www.gnu.org/software/libc/manual/html_node/Running-a-Command.html},
    urldate={2024-07-01},
    year={2023},
    title={26.1 Running a Command},
    author={Free Software Foundation, Inc.},
}
@online{github2024commit,
    url={https://github.com/tukaani-project/xz/commit/cf44e4b7f5dfdbf8c78aef377c10f71e274f63c0},
    urldate={2024-07-03},
    year={2024},
    title={Tests: Add a few test files.},
    author={JiaT75},
}
@online{suse2024xz,
    url={https://lwn.net/ml/opensuse-factory/5d7acd45-7021-4c09-8c0b-6f4b8797aecd@suse.com/},
    urldate={2024-07-03},
    year={2024},
    title={xz security alert and CVE-2024-3094},
    author={Ana Guerrero Lopez},
}
@online{redhat2024xz,
    url={https://www.redhat.com/en/blog/urgent-security-alert-fedora-41-and-rawhide-users},
    urldate={2024-07-03},
    year={2024},
    title={Urgent security alert for Fedora Linux 40 and Fedora Rawhide users },
    author={Red Hat},
}
@online{debian2024xz,
    url={https://lists.debian.org/debian-security-announce/2024/msg00057.html},
    urldate={2024-07-03},
    year={2024},
    title={[SECURITY] [DSA 5649-1] xz-utils security update},
    author={Salvatore Bonaccorso},
}
@online{ubuntu2024xz,
    url={https://discourse.ubuntu.com/t/xz-liblzma-security-update/43714},
    urldate={2024-07-03},
    year={2024},
    title={xz/liblzma security update},
    author={Brian Murray},
}
@online{twitter2024ffmpeg,
    url={https://x.com/FFmpeg/status/1775178803129602500},
    urldate={2024-07-03},
    year={2024},
    title={FFmpeg - twitter},
    author={FFmpeg},
}
